 @misc{SAXS18,
Author = {Thomas Kluge},
Title = {Observation of ultrafast solid-density plasma dynamics using femtosecond X-ray pulses from a free-electron laser},
Year = {2018},
}

@misc{Fienup:82,
author = {J. R. Fienup},
title = {Phase retrieval algorithms: a comparison},
year = {1982},
}


 @misc{THEORYSAXS,
Author = {Gianluca Croce},
Title = {The Small Angle X-ray Scattering Technique: An Overview},
howpublished = {\url{http://people.unipmn.it/gcroce/download/theory.pdf}},
Year = {2009},
note = "Letzter Aufruf: 04.02.2019", 
}
    
@misc{PLASMADEF,
   author = {Spektrum der Wissenschaft},
   title = {Plasma},
   year = {2018},
   howpublished = {\url{https://www.spektrum.de/lexikon/physik/plasma/11335}},
   note = "Letzter Aufruf: 07.02.2019", }
 
 @misc{FOURIERDEF,
 title={Proseminar: Grundlagen Bildverarbeitung / Bildverstehen Orthogonale Funktionstransformationen}, 
 author={Ina Roth},
 year={2006},
 }
 
  @misc{FOURIER2,
 title={Bildverarbeitung: Fourier-Transformation}, 
 author="Dmitrij Schlesinger",
 howpublished = {\url{http://www1.inf.tu-dresden.de/~ds24/lehre/bvme_ss_2012/bv_fourier.pdf}},
 note = "Letzter Aufruf: 07.02.2019",
 }
 
 @misc{Gallagher2008AnIT,
  title={An introduction to the Fourier transform: relationship to MRI.},
  author={Thomas A. Gallagher and A J Nemeth and Lotfi Hacein-Bey},
  journal={AJR. American journal of roentgenology},
  year={2008},
}
 
 @misc{Zach17,
	Author = {Zacharias, Malte},
	Title = {Model-driven parameter reconstructions from Small Angle X-ray Scattering images},
	Year = {2017},
}

@Book{Kriesel2007NeuralNetworks, 
       author = { David Kriesel }, 
       title =  { Ein kleiner \"{U}berblick \"{u}ber Neuronale Netze },
       year =   { 2007 } ,
     }
 
@book{beucher_2011,
  title={Übungsbuch Signale und Systeme Lösungsband zum Lehrbuch Signale und Systeme - Theorie, Simulation, Anwendung},
  author={Beucher, Ottmar},
   year={2011},}

 @article{COMPMETHODS,
  title={Computational Methods and Optimization. Machining of Hard Materials},
  author={Quiza R.,Davim J.},
  year={2011},
}

@misc{wiki:Backpropagation,
   author = "Wikipedia",
   title = "{Backpropagation} --- {W}ikipedia{,} The Free Encyclopedia",
   year = "2018",
   howpublished = {\url{http://de.wikipedia.org/w/index.php?title=Backpropagation&oldid=181456626}},
   note = "Letzter Aufruf: 07.02.2019"
 }

 
 @misc{NeuronaleNetze,author={Fabian Beck}, title={Backpropagation}, url={http://www.neuronalesnetz.de/backpropagation1.html}, journal={Neuronale Netze - Eine Einf\"uhrung - Einleitung},note = "Letzter Aufruf: 07.02.2019"}
 
 @ARTICLE {MPI,
    author = "William Gropp and  Ewing Lusk",
    title  = "An Introduction to MPI - Parallel Programming with the Message Passing Interface",
    year   = "1994"
}

 @ARTICLE {CONV,
    author = "Dietrich Klakow",
    title  =  "Grundagen der Signalverarbeitung",
    year   = "2013"
}

 @ARTICLE {IEEE754,
    author = "William Kahan",
    title  =  "IEEE Standard 754 for Binary Floating-Point Arithmetic",
    year   = "1997"
}

@misc{cnn_basics,
author = {O'Shea, Keiron and Nash, Ryan},
year = {2015},
title = {An Introduction to Convolutional Neural Networks},
}


@article{2DCONV,
author = {Thorsten Thormühlen},
year = {2018},
title = {Multimediale Signalverarbeitung, Bildverarbeitung: Filter},
}

@article{ResNet,
Author = {Kaiming He and Xiangyu Zhang and Shaoqing Ren and Jian Sun},
Title = {Deep Residual Learning for Image Recognition},
Year = {2015},
}

@article{Likelihood,
Author = {In Jae Myung},
Title = {Tutorial on maximum likelihood estimation},
Year = {2002},
}

@article{BayesOptimization,
Author = {Peter I. Frazier},
Title = {A Tutorial on Bayesian Optimization},
Year = {2018},
}

@misc{AdamOptimizer,
  title = {Gentle Introduction to the Adam Optimization Algorithm for Deep Learning},
  Author ={Jason Brownlee},
  howpublished = {\url{https://machinelearningmastery.com/adam-optimization-algorithm-for-deep-learning/}},
  Year = {2017},
  note = {Accessed: 2019-02-11}
}

@misc{Optimizer,
Author = {Sebastian Ruder},
Title = {An overview of gradient descent optimization algorithms},
Year = {2016},
}
 
 
@misc{FraunhoferDiffraction,
  title = {FRAUNHOFER- und FRESNEL-Beugung, Interferenz},
  Author ={Carl von Ossietzky Universita?t Oldenburg},
  howpublished = {\url{https://uol.de/fileadmin/user_upload/physik/ag/physikpraktika/download/GPR/pdf/Beugung_Fraunhofer_Fresnel.pdf}},
  Year = {2018},
  note = {Accessed: 2019-02-19}
}

@misc{DiffractionExperiment,
Author = {Rudolf Gross},
Title = {Physik3-Skript},
Year = {2003},
}

@misc{Multiple_Slits,
Author = {R. Nave},
Title = {Fraunhofer Diffraction},
howpublished = {\url{http://hyperphysics.phy-astr.gsu.edu/hbase/phyopt/mulslid.html}},
Year = {2000},
}

@misc{Diffraction_Book,
Author = {K. Ramakanth Hebbar},
Title = {Basics of X-Ray Diffraction and its Applications},
Year = {2011},
}
 
 @article{deep_learning_cite,
author = {LeCun, Yann and Bengio, Y and Hinton, Geoffrey},
year = {2015},
title = {Deep Learning},
}

@misc{Rectangle_FFT,
Author = {Thomas Hempel},
Title = { Mathematisch Grundlagen - Fourier-Integral / Fourier-Transformation},
howpublished = {\url{http://www.uni-magdeburg.de/exph/mathe_gl/fourierintegral_beispiele.pdf}},
Year = {2000},
}

@misc{SpringerFFT,
Author = {Peter Lehmann},
Title = {Methoden der Messtechnik - Signal und Bildverarbeitung},
howpublished = {\url{https://www.springer.com/cda/content/document/cda_downloaddocument/7_Fouriertransformation_PB14.pdf?SGWID=0-0-45-1437409-p176436733}},
Year = {2006},
note = "Letzter Aufruf: 05.02.2019", 
}

@misc{GaussFFT,
Author = {Konstantinos G. Derpanis},
Title = {Fourier Transform of the Gaussian},
howpublished = {\url{http://www.cse.yorku.ca/~kosta/CompVis_Notes/fourier_transform_Gaussian.pdf}},
Year = {2005},
}

@misc{ZeroPadding,author={Adit Deshpande}, title={A Beginner's Guide To Understanding Convolutional Neural Networks}, url={http://https://adeshpande3.github.io/A-Beginners-Guide-To-Understanding-Convolutional-Neural-Networks-Part-2},note="Letzter Aufruf: 05.02.2019"}
